<record xmlns='http://www.loc.gov/MARC21/slim'
><leader
  >03139ctmaa2200481 a 4500</leader
  ><controlfield tag='001'
  >3978587</controlfield
  ><controlfield tag='005'
  >20141225215506.0</controlfield
  ><controlfield tag='008'
  >000518q14001500be a          000 0 lat d</controlfield
  ><datafield ind1=' ' ind2=' ' tag='035'
  ><subfield code='a'
    >(CStRLIN)NYCV00A61</subfield
    ></datafield
  ><datafield ind1=' ' ind2=' ' tag='035'
  ><subfield code='a'
    >(CStRLIN)NYCV00-A61</subfield
    ></datafield
  ><datafield ind1=' ' ind2=' ' tag='035'
  ><subfield code='a'
    >3978587</subfield
    ></datafield
  ><datafield ind1=' ' ind2=' ' tag='035'
  ><subfield code='a'
    >(OCoLC)64758500</subfield
    ></datafield
  ><datafield ind1=' ' ind2=' ' tag='040'
  ><subfield code='a'
    >NIC</subfield
    ><subfield code='c'
    >NIC</subfield
    ><subfield code='e'
    >amremm</subfield
    ></datafield
  ><datafield ind1='1' ind2='0' tag='240'
  ><subfield code='a'
    >Manual</subfield
    ></datafield
  ><datafield ind1='1' ind2='0' tag='245'
  ><subfield code='a'
    >Manuale in investionibus, professionibus, et iubileis monialium necessarium, ad usum prioris monasterii Rubee vallis.</subfield
    ></datafield
  ><datafield ind1=' ' ind2=' ' tag='260'
  ><subfield code='a'
    >[Rougeval, Belgium (near Brussels),</subfield
    ><subfield code='c'
    >between ca. 1400 and ca. 1500]</subfield
    ></datafield
  ><datafield ind1=' ' ind2=' ' tag='300'
  ><subfield code='a'
    >52 leaves :</subfield
    ><subfield code='b'
    >parchment ;</subfield
    ><subfield code='c'
    >145 x 109 (99 x 70) mm. bound to 153 x 118 mm.</subfield
    ></datafield
  ><datafield ind1=' ' ind2=' ' tag='500'
  ><subfield code='a'
    >Ms. codex.</subfield
    ></datafield
  ><datafield ind1=' ' ind2=' ' tag='520'
  ><subfield code='a'
    >Ceremonial for Augustinian nuns.</subfield
    ></datafield
  ><datafield ind1=' ' ind2=' ' tag='546'
  ><subfield code='a'
    >Text in Latin.</subfield
    ></datafield
  ><datafield ind1=' ' ind2=' ' tag='500'
  ><subfield code='a'
    >Contents: f. 1r: Title in a 17th-century hand -- ff. 2r-7v: &quot;De iubileo sororum&quot; in a 15th-century formal Gothic hand -- f. 8r: blank -- f. 8v: Additions to the service in a 17th-century cursive hand and a contemporary pseudo-Gothic hand -- ff. 9r-27v (in a formal Gothic hand): Ceremonial for the induction of a nun into the Augustinian order, beginning &quot;Postq[ua]m p[er]sona q[ue] ad h[a]bitu[m] religionis...&quot;, and ending &quot;e[t] s[ic] introducat[ur].&quot; -- ff. 27v-32r: &quot;De iubileo sororum&quot; reiterated (see ff. 2r-7v), with variations, in a Gothic hybrid hand -- ff. 32v-33v: blank -- ff. 34r-51v: Ceremonial which appears on ff. 9r-27v reiterated, with variations, in a formal Gothic hand -- 52r: Three injunctions in a 17th-century hand on a slip of paper tipped into the flyleaf.</subfield
    ></datafield
  ><datafield ind1=' ' ind2=' ' tag='500'
  ><subfield code='a'
    >Layout: Written in 16 (or 17) long lines; frame-ruled, prickings visible on some folios.</subfield
    ></datafield
  ><datafield ind1=' ' ind2=' ' tag='500'
  ><subfield code='a'
    >Script: Gothic textual and Gothic hybrid hands of the 15th century; cursive hands of the 17th century; 17th-century imitation of Gothic textual. A late (presumably 17th-century) hand has dotted the i&apos;s of the 15th-century Gothic textual on several folios.</subfield
    ></datafield
  ><datafield ind1=' ' ind2=' ' tag='500'
  ><subfield code='a'
    >Music: Contains musical notation.</subfield
    ></datafield
  ><datafield ind1=' ' ind2=' ' tag='500'
  ><subfield code='a'
    >Binding: 17th century, calf.</subfield
    ></datafield
  ><datafield ind1=' ' ind2=' ' tag='500'
  ><subfield code='a'
    >Origin: Written in Belgium, fifteenth century.</subfield
    ></datafield
  ><datafield ind1=' ' ind2=' ' tag='561'
  ><subfield code='a'
    >Provenance: L. Weerdt. Obtained in Europe by A.D. White in 1886. Donated to the White Library in 1891.</subfield
    ></datafield
  ><datafield ind1=' ' ind2=' ' tag='524'
  ><subfield code='a'
    >Division of Rare and Manuscript Collections, Cornell University Library, Misc. Bd. Ms. 31.</subfield
    ></datafield
  ><datafield ind1=' ' ind2=' ' tag='500'
  ><subfield code='a'
    >Former shelfmark: MSS Bd. Rare BX C36 M295</subfield
    ></datafield
  ><datafield ind1=' ' ind2=' ' tag='500'
  ><subfield code='a'
    >Related shelfmark: MS B.37</subfield
    ></datafield
  ><datafield ind1='4' ind2=' ' tag='510'
  ><subfield code='a'
    >De Ricci, S.  Census of Medieval and Renaissance Manuscripts in the United States and Canada,</subfield
    ><subfield code='c'
    >II, p. 1235.</subfield
    ></datafield
  ><datafield ind1=' ' ind2='0' tag='650'
  ><subfield code='a'
    >Monastic and religious life</subfield
    ></datafield
  ><datafield ind1=' ' ind2='7' tag='655'
  ><subfield code='a'
    >Gothic scripts.</subfield
    ><subfield code='2'
    >aat</subfield
    ></datafield
  ><datafield ind1=' ' ind2='7' tag='655'
  ><subfield code='a'
    >Parchment.</subfield
    ><subfield code='2'
    >aat</subfield
    ></datafield
  ><datafield ind1=' ' ind2='7' tag='650'
  ><subfield code='a'
    >Monastic and religious life</subfield
    ><subfield code='2'
    >fast</subfield
    ><subfield code='0'
    >(OCoLC)fst01025101</subfield
    ></datafield
  ><datafield ind1='1' ind2=' ' tag='700'
  ><subfield code='a'
    >White, Andrew Dickson,</subfield
    ><subfield code='d'
    >1832-1918.</subfield
    ></datafield
  ><datafield ind1='2' ind2=' ' tag='710'
  ><subfield code='a'
    >Cornell University.</subfield
    ><subfield code='b'
    >Library.</subfield
    ><subfield code='b'
    >Division of Rare and Manuscript Collections.</subfield
    ><subfield code='k'
    >Manuscript.</subfield
    ><subfield code='n'
    >Misc. Bd. Ms. 31.</subfield
    ></datafield
  ><datafield ind1=' ' ind2=' ' tag='752'
  ><subfield code='a'
    >Belgium.</subfield
    ></datafield
  ><datafield ind1=' ' ind2=' ' tag='852'
  ><subfield code='a'
    >NIC</subfield
    ><subfield code='j'
    >4600 Bd. Ms. 31</subfield
    ></datafield
  ><datafield ind1='1' ind2=' ' tag='899'
  ><subfield code='a'
    >med</subfield
    ></datafield
  ><datafield ind1='3' ind2=' ' tag='948'
  ><subfield code='a'
    >20070525</subfield
    ><subfield code='h'
    >RLINAMC</subfield
    ><subfield code='i'
    >RLINAMC1.mrc</subfield
    ></datafield
  ><datafield ind1='2' ind2=' ' tag='948'
  ><subfield code='a'
    >20141225</subfield
    ><subfield code='b'
    >m</subfield
    ><subfield code='d'
    >batch</subfield
    ><subfield code='e'
    >lts</subfield
    ><subfield code='x'
    >addfast</subfield
    ></datafield
  ><datafield ind1='f' ind2='f' tag='999'
  ><subfield code='i'
    >d67bc2d0-a67d-4414-9577-e4a39b18e641</subfield
    ><subfield code='s'
    >3965c214-7fb2-4cfd-a486-3955254d2a34</subfield
    ></datafield
  ></record
>